<?xml version="1.0" encoding="UTF-8"?><collection xmlns="http://www.loc.gov/MARC21/slim"><record><leader>00586nam--2200193-u-4500</leader><controlfield tag="001">000055738</controlfield><controlfield tag="002">20161230</controlfield><controlfield tag="005">20161230201052</controlfield><controlfield tag="008">130409s1000------------r-----000-0-ger-d</controlfield><datafield ind1=" " ind2=" " tag="040"><subfield code="a">IFIN-HH</subfield></datafield><datafield ind1=" " ind2=" " tag="041"><subfield code="a">ger</subfield></datafield><datafield ind1=" " ind2=" " tag="080"><subfield code="a">519.654</subfield></datafield><datafield ind1="1" ind2=" " tag="100"><subfield code="a">Weitbrecht, Wilh</subfield></datafield><datafield ind1="1" ind2="0" tag="245"><subfield code="a">Ausgeichungrechnung nach der methode der kleinsten quadrate</subfield><subfield code="b">Teil ii. zahlenbeispiele zweite, veranderte auflage</subfield><subfield code="c">Wilh weitbrecht</subfield></datafield><datafield ind1=" " ind2=" " tag="260"><subfield code="a">Berlin</subfield><subfield code="b">G.J. Goschen'Che Verlagshandlung G.M.B.H</subfield><subfield code="c">1913</subfield></datafield><datafield ind1=" " ind2=" " tag="300"><subfield code="a">141P</subfield></datafield><datafield ind1=" " ind2=" " tag="490"><subfield code="a">Sammlung Gaschen</subfield></datafield><datafield ind1=" " ind2=" " tag="852"><subfield code="a">44469</subfield><subfield code="c">H.H</subfield></datafield><datafield ind1=" " ind2=" " tag="CAT"><subfield code="a">Sys</subfield><subfield code="c">20130409</subfield><subfield code="h">103121</subfield></datafield></record></collection>